<record><leader>00000cas a22000007a 4500</leader><controlfield tag="001">12849615</controlfield><controlfield tag="008">851126d18891889aludr ne      0    0eng d</controlfield><datafield ind1=" " ind2=" " tag="010"><subfield code="a">sn 85045091 </subfield></datafield><datafield ind1=" " ind2=" " tag="040"><subfield code="a">AAR</subfield><subfield code="b">eng</subfield><subfield code="c">AAR</subfield><subfield code="d">CPN</subfield><subfield code="d">OCLCQ</subfield></datafield><datafield ind1=" " ind2=" " tag="042"><subfield code="a">msc</subfield></datafield><datafield ind1="0" ind2="4" tag="245"><subfield code="a">The Evening watchman.</subfield></datafield><datafield ind1=" " ind2=" " tag="260"><subfield code="a">Anniston, Ala. :</subfield><subfield code="b">S.F. &amp; J.H. Nunnelee,</subfield><subfield code="c">1889-1889.</subfield></datafield><datafield ind1=" " ind2=" " tag="300"><subfield code="a">v. :</subfield><subfield code="b">ill. ;</subfield><subfield code="c">55 cm.</subfield></datafield><datafield ind1=" " ind2=" " tag="310"><subfield code="a">Daily</subfield></datafield><datafield ind1="0" ind2=" " tag="362"><subfield code="a">Vol. 4, no. 160 (Jan. 3, 1889)-v. 4, no. 218 (Mar. 14, 1889).</subfield></datafield><datafield ind1=" " ind2=" " tag="500"><subfield code="a">Also published in a weekly edition.</subfield></datafield><datafield ind1=" " ind2=" " tag="752"><subfield code="a">United States</subfield><subfield code="b">Alabama</subfield><subfield code="c">Calhoun</subfield><subfield code="d">Anniston.</subfield></datafield><datafield ind1="0" ind2="0" tag="780"><subfield code="t">Saturday watchman</subfield><subfield code="w">(DLC)sn 85045090</subfield></datafield><datafield ind1="0" ind2="0" tag="785"><subfield code="t">Evening news (Anniston, Ala.)</subfield><subfield code="w">(DLC)sn 85045092</subfield></datafield></record>